<?xml version="1.0" encoding="UTF-8"?><collection xmlns="http://www.loc.gov/MARC21/slim"><record><leader>00374nam--2200145-i-4500</leader><controlfield tag="001">000004868</controlfield><controlfield tag="002">20161230</controlfield><controlfield tag="005">20170302225125</controlfield><controlfield tag="008">060222s1000------------r-----000-0-eng-d</controlfield><datafield ind1=" " ind2=" " tag="100"><subfield code="a">Cotton, S. J</subfield></datafield><datafield ind1=" " ind2=" " tag="245"><subfield code="a">Mathematics for telecommunication engineers</subfield></datafield><datafield ind1=" " ind2=" " tag="260"><subfield code="a">London</subfield><subfield code="b">Chapman &amp; Hall Ltd</subfield><subfield code="c">1959</subfield></datafield><datafield ind1=" " ind2=" " tag="300"><subfield code="a">245 p</subfield></datafield><datafield ind1=" " ind2=" " tag="852"><subfield code="a">51:621.391</subfield></datafield><datafield ind1=" " ind2=" " tag="CAT"><subfield code="a">SYS</subfield><subfield code="c">20170302</subfield><subfield code="h">225125</subfield></datafield></record></collection>